<record><leader>00000cas a22000007a 4500</leader><controlfield tag="001">25028729</controlfield><controlfield tag="008">911230d19431946nhuwn ne      0    0eng d</controlfield><datafield ind1=" " ind2=" " tag="010"><subfield code="a">sn 91063307 </subfield></datafield><datafield ind1=" " ind2=" " tag="040"><subfield code="a">NVH</subfield><subfield code="b">eng</subfield><subfield code="c">NVH</subfield><subfield code="d">OCLCQ</subfield></datafield><datafield ind1=" " ind2=" " tag="042"><subfield code="a">msc</subfield></datafield><datafield ind1="0" ind2="0" tag="245"><subfield code="a">Dartmouth log.</subfield></datafield><datafield ind1=" " ind2=" " tag="260"><subfield code="a">Hanover, N.H. :</subfield><subfield code="b">Dartmouth College and Navy V-12 Unit</subfield></datafield><datafield ind1=" " ind2=" " tag="300"><subfield code="a">v.</subfield></datafield><datafield ind1=" " ind2=" " tag="310"><subfield code="a">Weekly</subfield></datafield><datafield ind1="0" ind2=" " tag="362"><subfield code="a">Vol. 1, no. 1 (July 2, 1943)-v. 3, no. 29 (Feb. 15, 1946).</subfield></datafield><datafield ind1=" " ind2=" " tag="500"><subfield code="a">Published during academic year.</subfield></datafield><datafield ind1=" " ind2=" " tag="500"><subfield code="a">Published during suspension of The Dartmouth, 1943-1946.</subfield></datafield><datafield ind1=" " ind2=" " tag="752"><subfield code="a">United States</subfield><subfield code="b">New Hampshire</subfield><subfield code="c">Grafton</subfield><subfield code="d">Hanover.</subfield></datafield></record>